<?xml version="1.0" encoding="UTF-8"?>
<marc:record xmlns:marc="http://www.loc.gov/MARC21/slim" xmlns:xsi="http://www.w3.org/2001/XMLSchema-instance" xsi:schemaLocation="http://www.loc.gov/standards/marcxml/schema/MARC21slim.xsd">
  <marc:leader>00000ndd a2200000 u 4500</marc:leader>
  <marc:controlfield tag="001">1001140406</marc:controlfield>
  <marc:controlfield tag="003">DE-633</marc:controlfield>
  <marc:controlfield tag="005">20210923121020.0</marc:controlfield>
  <marc:controlfield tag="008">201220##################################</marc:controlfield>
  <marc:datafield tag="031" ind1=" " ind2=" ">
    <marc:subfield code="a">1</marc:subfield>
    <marc:subfield code="b">1</marc:subfield>
    <marc:subfield code="c">1</marc:subfield>
    <marc:subfield code="g">G-2</marc:subfield>
    <marc:subfield code="m">S/T1 coro</marc:subfield>
    <marc:subfield code="o">c</marc:subfield>
    <marc:subfield code="p">2''CC/CC/DE/F(E)/</marc:subfield>
    <marc:subfield code="r">C</marc:subfield>
    <marc:subfield code="t">Tantum ergo sacramentum</marc:subfield>
    <marc:subfield code="2">pe</marc:subfield>
  </marc:datafield>
  <marc:datafield tag="031" ind1=" " ind2=" ">
    <marc:subfield code="a">1</marc:subfield>
    <marc:subfield code="b">1</marc:subfield>
    <marc:subfield code="c">2</marc:subfield>
    <marc:subfield code="g">G-2</marc:subfield>
    <marc:subfield code="m">T2 coro</marc:subfield>
    <marc:subfield code="o">c</marc:subfield>
    <marc:subfield code="p">2'G''C/CC/,'B''C/D(C)/</marc:subfield>
    <marc:subfield code="r">C</marc:subfield>
    <marc:subfield code="t">Tantum ergo sacramentum</marc:subfield>
    <marc:subfield code="2">pe</marc:subfield>
  </marc:datafield>
  <marc:datafield tag="031" ind1=" " ind2=" ">
    <marc:subfield code="a">1</marc:subfield>
    <marc:subfield code="b">1</marc:subfield>
    <marc:subfield code="c">3</marc:subfield>
    <marc:subfield code="g">F-4</marc:subfield>
    <marc:subfield code="m">A/B1 coro</marc:subfield>
    <marc:subfield code="o">c</marc:subfield>
    <marc:subfield code="p">2,EG/AG/GG/G(G)/</marc:subfield>
    <marc:subfield code="r">C</marc:subfield>
    <marc:subfield code="t">Tantum ergo sacramentum</marc:subfield>
    <marc:subfield code="2">pe</marc:subfield>
  </marc:datafield>
  <marc:datafield tag="031" ind1=" " ind2=" ">
    <marc:subfield code="a">1</marc:subfield>
    <marc:subfield code="b">1</marc:subfield>
    <marc:subfield code="c">4</marc:subfield>
    <marc:subfield code="g">F-4</marc:subfield>
    <marc:subfield code="m">B2 coro</marc:subfield>
    <marc:subfield code="o">c</marc:subfield>
    <marc:subfield code="p">2,CE/FE/DC/,,B(',C)/</marc:subfield>
    <marc:subfield code="r">C</marc:subfield>
    <marc:subfield code="t">Tantum ergo sacramentum</marc:subfield>
    <marc:subfield code="2">pe</marc:subfield>
  </marc:datafield>
  <marc:datafield tag="040" ind1=" " ind2=" ">
    <marc:subfield code="a">DE-633</marc:subfield>
  </marc:datafield>
  <marc:datafield tag="041" ind1="0" ind2=" ">
    <marc:subfield code="a">lat</marc:subfield>
  </marc:datafield>
  <marc:datafield tag="100" ind1="1" ind2=" ">
    <marc:subfield code="a">Ett, Caspar</marc:subfield>
    <marc:subfield code="d">1788-1847</marc:subfield>
    <marc:subfield code="0">pe59061</marc:subfield>
  </marc:datafield>
  <marc:datafield tag="240" ind1="1" ind2="0">
    <marc:subfield code="a">Tantum ergo sacramentum</marc:subfield>
    <marc:subfield code="m">Coro: S/T1, T2, A/B1, B2</marc:subfield>
    <marc:subfield code="r">C</marc:subfield>
    <marc:subfield code="0">50123543</marc:subfield>
  </marc:datafield>
  <marc:datafield tag="245" ind1="1" ind2="0">
    <marc:subfield code="a">Tantum ergo sacramentum C. Ett</marc:subfield>
  </marc:datafield>
  <marc:datafield tag="246" ind1="2" ind2=" ">
    <marc:subfield code="a">Tantum</marc:subfield>
  </marc:datafield>
  <marc:datafield tag="246" ind1="2" ind2=" ">
    <marc:subfield code="a">Tantum ergo sacramentum przez C. Ett</marc:subfield>
  </marc:datafield>
  <marc:datafield tag="260" ind1=" " ind2=" ">
    <marc:subfield code="c">1893</marc:subfield>
    <marc:subfield code="8">01</marc:subfield>
  </marc:datafield>
  <marc:datafield tag="300" ind1=" " ind2=" ">
    <marc:subfield code="a">4 partbooks</marc:subfield>
    <marc:subfield code="c">24.0 x 23.0 cms</marc:subfield>
    <marc:subfield code="8">01</marc:subfield>
  </marc:datafield>
  <marc:datafield tag="500" ind1=" " ind2=" ">
    <marc:subfield code="a">[pl text: na końcu utworu, w partii głosowej S/T1, A/B1, B2, pojawia się napis: "4/10 1893. K. Molęcki wpisałem""]</marc:subfield>
    <marc:subfield code="8">01</marc:subfield>
  </marc:datafield>
  <marc:datafield tag="590" ind1=" " ind2=" ">
    <marc:subfield code="a">Coro: S/T1, T2, A/B1, B2</marc:subfield>
    <marc:subfield code="b">1,1,1,1 f.</marc:subfield>
    <marc:subfield code="8">01</marc:subfield>
  </marc:datafield>
  <marc:datafield tag="593" ind1=" " ind2=" ">
    <marc:subfield code="a">Manuscript copy</marc:subfield>
    <marc:subfield code="8">01</marc:subfield>
  </marc:datafield>
  <marc:datafield tag="594" ind1=" " ind2=" ">
    <marc:subfield code="b">Coro: S/T1</marc:subfield>
    <marc:subfield code="c">1</marc:subfield>
  </marc:datafield>
  <marc:datafield tag="594" ind1=" " ind2=" ">
    <marc:subfield code="b">Coro: T2</marc:subfield>
    <marc:subfield code="c">1</marc:subfield>
  </marc:datafield>
  <marc:datafield tag="594" ind1=" " ind2=" ">
    <marc:subfield code="b">Coro: A/B1</marc:subfield>
    <marc:subfield code="c">1</marc:subfield>
  </marc:datafield>
  <marc:datafield tag="594" ind1=" " ind2=" ">
    <marc:subfield code="b">Coro: B2</marc:subfield>
    <marc:subfield code="c">1</marc:subfield>
  </marc:datafield>
  <marc:datafield tag="594" ind1=" " ind2=" ">
    <marc:subfield code="a">Coro: S/T1 , Coro: T2, Coro: A/B1, Coro: B2</marc:subfield>
  </marc:datafield>
  <marc:datafield tag="599" ind1=" " ind2=" ">
    <marc:subfield code="b">full</marc:subfield>
  </marc:datafield>
  <marc:datafield tag="650" ind1="0" ind2="7">
    <marc:subfield code="a">Hymns</marc:subfield>
    <marc:subfield code="0">25238</marc:subfield>
  </marc:datafield>
  <marc:datafield tag="773" ind1="1" ind2="8">
    <marc:subfield code="w">1001139027</marc:subfield>
  </marc:datafield>
  <marc:datafield tag="852" ind1=" " ind2=" ">
    <marc:subfield code="a">PL-Kk</marc:subfield>
    <marc:subfield code="e">Archiwum i Biblioteka Krakowskiej Kapituły Katedralnej</marc:subfield>
    <marc:subfield code="x">ks30002080</marc:subfield>
    <marc:subfield code="c">Kk.I.382</marc:subfield>
    <marc:subfield code="p"/>
    <marc:subfield code="q"/>
    <marc:subfield code="u"/>
    <marc:subfield code="z"/>
  </marc:datafield>
  <marc:datafield tag="980" ind1=" " ind2=" ">
    <marc:subfield code="a">RISM</marc:subfield>
    <marc:subfield code="c">examined</marc:subfield>
  </marc:datafield>
</marc:record>
